<?xml version="1.0" encoding="UTF-8"?><collection xmlns="http://www.loc.gov/MARC21/slim"><record><leader>00426nam--2200145-i-4500</leader><controlfield tag="001">000013813</controlfield><controlfield tag="002">20161230</controlfield><controlfield tag="005">20170210161532</controlfield><controlfield tag="008">060222s1000------------r-----000-0-eng-d</controlfield><datafield ind1=" " ind2=" " tag="100"><subfield code="a">Balan, Stefan Gh</subfield></datafield><datafield ind1=" " ind2=" " tag="245"><subfield code="a">Contributii la flambajul barelor drepte supuse la vibratii transversale</subfield><subfield code="b">teza</subfield></datafield><datafield ind1=" " ind2=" " tag="260"><subfield code="a">Bucuresti</subfield><subfield code="b">Politehnica-facul.De Constructii</subfield><subfield code="c">1945</subfield></datafield><datafield ind1=" " ind2=" " tag="300"><subfield code="a">50 p</subfield></datafield><datafield ind1=" " ind2=" " tag="852"><subfield code="a">624(043)</subfield></datafield><datafield ind1=" " ind2=" " tag="CAT"><subfield code="a">SYS</subfield><subfield code="c">20170210</subfield><subfield code="h">161532</subfield></datafield></record></collection>